<?xml version="1.0" encoding="UTF-8"?><record xmlns="http://www.loc.gov/MARC21/slim" xmlns:cinclude="http://apache.org/cocoon/include/1.0" xmlns:zs="http://www.loc.gov/zing/srw/">
  <leader>00529nz  a2200145n  4500</leader>
  <controlfield tag="001">no2006056335</controlfield>
  <controlfield tag="003">DLC</controlfield>
  <controlfield tag="005">20060601071032.0</controlfield>
  <controlfield tag="008">060531n| acannaabn          |n aaa     c</controlfield>
  <datafield tag="010" ind1=" " ind2=" ">
    <subfield code="a">no2006056335</subfield>
  </datafield>
  <datafield tag="035" ind1=" " ind2=" ">
    <subfield code="a">(OCoLC)oca06955738</subfield>
  </datafield>
  <datafield tag="040" ind1=" " ind2=" ">
    <subfield code="a">MsSM</subfield>
    <subfield code="b">eng</subfield>
    <subfield code="c">MsSM</subfield>
  </datafield>
  <datafield tag="100" ind1="1" ind2=" ">
    <subfield code="a">Coban, Alper,</subfield>
    <subfield code="d">1976-</subfield>
  </datafield>
  <datafield tag="670" ind1=" " ind2=" ">
    <subfield code="a">Effects of fourteen-day exposure to the herbicide atrazine on the nigrostriatal dopaminergic system of juvenile male C57BL/6 mice, 2005:</subfield>
    <subfield code="b">t.p. (Alper Coban)</subfield>
  </datafield>
  <datafield tag="670" ind1=" " ind2=" ">
    <subfield code="a">Information from author, May 30, 2006</subfield>
    <subfield code="b">(b. Mar. 13, 1976)</subfield>
  </datafield>
</record>